
@misc{Berners_QA,
	author = {Tim Berners-Lee},
	title = "Q\&A with Tim Berners-Lee
	 {[online]}",
	url = {https://www.bloomberg.com/news/articles/2007-04-09/q-and-a-with-tim-berners-leebusinessweek-business-news-stock-market-and-financial-advice},
	type = {web page},
	month = {{April}},
	year = {{2007}}
}

@misc{Berners_LinkedData,
	author = {Tim Berners-Lee},
	title = "Linked Data
	{[online]}",
	url = {https://www.w3.org/DesignIssues/LinkedData.html},
	type = {web page},
	month = {{July}},
	year = {{2006}}
}

@misc{DBpedia_facts,
	title = "DBpedia Facts \& Figures
	{[online]}",
	url = {https://dbpediawww.informatik.uni-leipzig.de/about/facts-figures},
	type = {web page},
	month = {{September}},
	year = {{2020}}
}



@inproceedings{owl_reference,
	author       = "Sean Bechofer, Frank van Harmlenen",
	title        = "OWL Web Ontology Language Reference",
	booktitle      = "W3C Recommendation - OWL Web Ontology Language Reference ",
	OPTurl = "http://www.w3.org/TR/owl-ref/",
	YEAR         = "2004",
	MONTH        = "February",
	NOTE         = ""
}

@inproceedings{owl_overview,
	author       = "Ivan Herman, Ian Horrocks",
	title        = "OWL 2 Web Ontology Language Overview",
	booktitle      = "W3C Recommendation - OWL 2 Web Ontology Language Overview",
	OPTurl = "https://www.w3.org/TR/owl2-overview/",
	YEAR         = "2012",
	MONTH        = "December",
	NOTE         = ""
}

@inproceedings{rdf_syntax,
	author       = "Dave Beckett",
	title        = "RDF/XML Syntax Specification",
	booktitle      = "W3C Recommendation - RDF/XML Syntax Specification ",
	OPTurl = "https://www.w3.org/TR/REC-rdf-syntax/",
	YEAR         = "2004",
	MONTH        = "February",
	NOTE         = ""
}

@inproceedings{rdf_concepts,
	author       = "Graham Klyne",
	title        = "RDF Concepts and Abstract Syntax",
	booktitle      = "W3C Recommendation - RDF Concepts and Abstract Syntax",
	OPTurl = "https://www.w3.org/TR/2004/REC-rdf-concepts-20040210",
	YEAR         = "2004",
	MONTH        = "February",
	NOTE         = ""
}

@techreport{rfc2396,
	AUTHOR = "Tim  Berners-Lee",
	TITLE = "Uniform Resource Identifiers (URI): Generic Syntax",
	HOWPUBLISHED = {Internet Requests for Comments},
	TYPE="{RFC}",
	NUMBER=2396,
	PAGES = {1-40},
	YEAR = {1998},
	MONTH = {August},
	PUBLISHER = "{RFC Editor}",
	INSTITUTION = "{RFC Editor}",
	URL={https://www.ietf.org/rfc/rfc2396.txt}
}

@Inbook{roussey2011,
	author="Roussey, Catherine
	and Pinet, Francois
	and Kang, Myoung Ah
	and Corcho, Oscar",
	title="An Introduction to Ontologies and Ontology Engineering",
	bookTitle="Ontologies in Urban Development Projects",
	year="2011",
	publisher="Springer London",
	address="London",
	pages="9--38",
	abstract="In the last decades, the use of ontologies in information systems has become more and more popular in various fields, such as web technologies, database integration, multi agent systems, natural language processing, etc. Artificial intelligent researchers have initially borrowed the word ``ontology'' from Philosophy, then the word spread in many scientific domain and ontologies are now used in several developments.",
	isbn="978-0-85729-724-2",
	doi="10.1007/978-0-85729-724-2_2",
	url="https://doi.org/10.1007/978-0-85729-724-2_2"
}

@inproceedings{linked_data_uri,
	author = {Hellmann, Sebastian and Lehmann, Jens and Auer, Sören},
	year = {2012},
	month = {10},
	pages = {2-4},
	title = {Linked-Data Aware URI Schemes for Referencing Text Fragments},
	volume = {6317},
	isbn = {978-3-642-33875-5},
	doi = {10.1007/978-3-642-16438-5_10}
}

@inproceedings{workflow_modularity,
	author = {Hellmann, Sebastian and Lehmann, Jens and Auer, Sören and Brümmer, Martin},
	year = {2013},
	month = {10},
	pages = {},
	title = {Integrating NLP using Linked Data},
	volume = {8219},
	isbn = {978-3-642-38708-1},
	journal = {LNCS},
	doi = {10.1007/978-3-642-41338-4_7}
}

@inproceedings{dbpedia_nucleus,
	author = {Auer, Sören and Bizer, Christian and Kobilarov, Georgi and Lehmann, Jens and Cyganiak, Richard and Ives, Zachary},
	year = {2007},
	month = {01},
	pages = {722-735},
	title = {DBpedia: A Nucleus for a Web of Open Data},
	volume = {6},
	isbn = {978-3-540-76297-3},
	journal = {Lecture Notes in Computer Science},
	doi = {10.1007/978-3-540-76298-0_52}
}


@misc{nif_core_ontology ,
	title = "NIF 2.0 Core Ontology
	{[online]}",
	url = {https://persistence.uni-leipzig.org/nlp2rdf/ontologies/nif-core/nif-core.html},
	type = {web page},
	year = {{2020}}
}

@misc{picocli_library,
	title = "Picocli - command line interface library
	{[online]}",
	url = {https://picocli.info/},
	type = {web page},
	year = {{2020}}
}

@misc{intellij_link,
	title = "IntelliJ IDEA - Capable and Ergonomic IDE
	{[online]}",
	url = {https://www.jetbrains.com/idea/},
	type = {web page},
	year = {{2020}}
}

@misc{java_dev_ecosystem,
	title = "JetBrains Java development ecosystem research
	{[online]}",
	url = {https://www.jetbrains.com/lp/devecosystem-2020},
	type = {web page},
	year = {{2020}}
}

@misc{maven_project,
	title = "Apache Maven Project
	{[online]}",
	url = {https://maven.apache.org/pom.html},
	type = {web page},
	year = {{2020}}
}

@misc{dbpedia_url,
	title = "DBpedia Project Link
	{[online]}",
	url = {https://wiki.dbpedia.org/},
	type = {web page},
	year = {{2020}}
}

@misc{ntriples_format,
	title = "N-Triples - a line-based syntax for an RDF graph
	{[online]}",
	url = {https://www.w3.org/TR/n-triples/},
	type = {web page},
	year = {{2020}}
}

@misc{wikimedia_downloads,
	title = "Wikimedia Downloads
{[online]}",
url = {https://www.w3.org/TR/n-triples/},
type = {web page},
year = {{2020}}
}

@misc{top_ten_wikis,
	title = "Top Ten Wikipedias
	{[online]}",
	url = {https://meta.wikimedia.org/wiki/Top_Ten_Wikipedias},
	type = {web page},
	year = {{2020}}
}

@misc{rapper_utility,
	title = "Raptor RDF Syntax Library - Raptor RDF parser utility
	{[online]}",
	url = {http://librdf.org/raptor/rapper.html},
	type = {web page},
	year = {{2014}}
}

@inproceedings{rdf_query_lang_comparison,
	author       = "Peter Haase, Jeen Broekstra, Andreas Eberhart",
	title        = " A Comparison of RDF Query Languages",
	booktitle      = "AWSC: Asian Semantic Web Conference",
	YEAR         = "2004",
	PAGES        = "502--517",
	MONTH        = "October",
	NOTE         = ""
}


@inproceedings{nlp_cite,
	author       = "Sebastian Hellmann, Jens Lehmann, Sören Auer, and Martin Brümmer",
	title        = "Integrating NLP using Linked Data",
	booktitle      = "12th International Semantic Web Conference",
	YEAR         = "2013",
	MONTH        = "October",
	address  = "Sydney, Australia",
	NOTE         = ""
}

@INPROCEEDINGS{7440520,

	author={J. {Nandakwang} and P. {Chongstitvatana}},

	booktitle={2016 8th International Conference on Knowledge and Smart Technology (KST)}, 

	title={Extract semantic web knowledge from Wikipedia tables and lists}, 

	year={2016},

	volume={},

	number={},

	pages={108-113},}

@article{nif_rdf,
	author = {E. Wilde, M. Duerst},
	title = {URI Fragment Identifiers for the text/plain Media Type},
	journaltitle = {Internet RFCs, ISSN 2070-1721},
	date = {April 2008},
	OPTurl = {https://tools.ietf.org/html/rfc5147},
	OPTVolume = {RFC 5147}
}

@thesis{rest_proposal,
	author = {Fielding, Roy Thomas},
	title = {Architectural Styles and the Design of Network-based Software Architectures},
	type = {Doctoral dissertation},
	institution = {University of California, Irvine},
	date = {2000}
}


@inproceedings{dbpedia_live_extraction,
	author = {Hellmann, Sebastian and Stadler, Claus and Lehmann, Jens and Auer, Sören},
	year = {2009},
	month = {11},
	pages = {1209-1223},
	title = {DBpedia Live Extraction},
	isbn = {978-3-642-05150-0},
	doi = {10.1007/978-3-642-05151-7_33}
}

@article{dbpedia_live_sparql,
	author = {Morsey, Mohamed and Lehmann, Jens and Auer, Sören and Stadler, Claus and Hellmann, Sebastian},
	year = {2012},
	month = {04},
	pages = {157-181},
	title = {DBpedia and the live extraction of structured data from Wikipedia},
	volume = {46},
	journal = {Program: electronic library and information systems},
	doi = {10.1108/00330331211221828}
}


@misc{NIF_Format,
	title = "DBPedia Language Resources(NIF)",
	url = {https://www.dbpedia.org/resources/nif/},
	type = {web page},
	month = {{January}},
	year = {{2022}}
}

@misc{NIF_Ontology,
	title = "NIF Core Ontology",
	url = {https://persistence.uni-leipzig.org/nlp2rdf/ontologies/nif-core/nif-core.html},
	type = {web page},
	month = {{January}},
	year = {{2022}}
}


@misc{REST_Design,
	author = "Jay Kapadnis",
	title = "REST: Good Practices for API Design{[online]}",
	url = {https://medium.com/hashmapinc/rest-good-practices-for-api-design-881439796dc9},
	type = {web page},
	month = {{March}},
	year = {{2018}}
}

@online{Wikipedia_Template,
	title = {Wikipedia Help:Template},
	date = {January 2022},
	url = {https://en.wikipedia.org/wiki/Help:Template}
}

@online{spring_ref,
	ALTauthor = {Rod Johnson , Juergen Hoeller , Keith Donald},
	title = {Spring Framework Reference Documentation},
	date = {2016},
	url = {https://docs.spring.io/spring-framework/docs/4.3.12.RELEASE/spring-framework-reference/htmlsingle/},
}

@online{smoke_testing,
	title = {Smoke Testing},
	date = {2021},
	url = {https://softwaretestingfundamentals.com/smoke-testing/},
}

@book{kh07,

	author = {Kolawa, Adam and Huizinga, Dorota},

	publisher = {IEEE Computer Society Press. p. 75. -0-470-04212-0},

	title = {Automated Defect Prevention: Best Practices in Software Management},

	year = {2007},

	isbn = {978},

}


@article{bp88,

	author = {Boehm, Barry W. and Papaccio, Philip N},

	journal = {IEEE Transactions on Software Engineering},

	month = {May},

	number = {10},

	pages = {1462-1477},

	title = {Understanding and Controlling Software Costs},

	volume = {14},

	year = {2016},

	doi = {10.1109/32.6191},

}

@online{test_early,
	ALTauthor = {Microsoft},
	title = {Test Early And Often},
	url = {https://docs.microsoft.com/en-us/previous-versions/visualstudio/visual-studio-2012/ee330950(v=vs.110)?redirectedfrom=MSDN}
}

@online{prove_it_works,
	ALTauthor = {National Instruments},
	title = {Prove It Works: Using the Unit Test Framework for Software Testing and Validation},
	date = {2021},
	url = {https://www.ni.com/en-us/innovations/white-papers/09/prove-it-works--using-the-unit-test-framework-for-software-testi.html}
}

@online{junit_framework,
	ALTauthor = {Stefan Bechtold},
	title = {JUnit 5 User Guide},
	date = {2021},
	url = {https://junit.org/junit5/docs/current/user-guide/}
}

@article{integration_test1,
	journal = {ISO/IEC/IEEE},
	month = {December},
	pages = {1-418},
	title = {Standard - Systems and software engineering},
	volume = {15},
	year = {2010},
}

@article{integration_test2,
	author = {Martyn A. Ould and Charles Unwin (ed)},
	journal = {Accessed},
	month = {October},
	title = {Testing in Software Development, BCS (1986), p71},
	volume = {31},
	year = {2014},
}


@BOOK{BCW90,
 AUTHOR		="T. C. Bell and 
              J. G. Cleary and 
              I. H. Witten",
 TITLE		="Text compression",
 ADDRESS		="Englewood Cliffs",
 PUBLISHER	="Prentice Hall",
 YEAR			="1990"
}